<?xml version="1.0" encoding="UTF-8"?><collection xmlns="http://www.loc.gov/MARC21/slim"><record><leader>00454nam--2200157-i-4500</leader><controlfield tag="001">000045652</controlfield><controlfield tag="002">20161230</controlfield><controlfield tag="005">20161230201045</controlfield><controlfield tag="008">060222s1000------------r-----000-0-eng-d</controlfield><datafield ind1=" " ind2=" " tag="080"><subfield code="a">514.116(076)</subfield></datafield><datafield ind1=" " ind2=" " tag="100"><subfield code="a">Turtoiu, Fanica</subfield></datafield><datafield ind1=" " ind2=" " tag="245"><subfield code="a">Probleme de trigonometrie. ed.a ii-a. culegeri de probleme de matematica si fizica</subfield></datafield><datafield ind1=" " ind2=" " tag="250"><subfield code="a">Editia a II-a</subfield></datafield><datafield ind1=" " ind2=" " tag="260"><subfield code="a">Bucuresti, Ed.Tehnica, 1989, 376p</subfield></datafield><datafield ind1=" " ind2=" " tag="852"><subfield code="a">74941</subfield><subfield code="c">513</subfield></datafield><datafield ind1=" " ind2=" " tag="CAT"><subfield code="a">Sys</subfield><subfield code="c">20080529</subfield><subfield code="h">112937</subfield></datafield></record></collection>